<?xml version="1.0" encoding="UTF-8"?><collection xmlns="http://www.loc.gov/MARC21/slim"><record><leader>00354nam--2200133-i-4500</leader><controlfield tag="001">000013589</controlfield><controlfield tag="002">20161230</controlfield><controlfield tag="005">20161230201030</controlfield><controlfield tag="008">060222s1000------------r-----000-0-eng-d</controlfield><datafield ind1=" " ind2=" " tag="080"><subfield code="a">539.L.074.3</subfield></datafield><datafield ind1=" " ind2=" " tag="245"><subfield code="a">Sample preparation and applications</subfield></datafield><datafield ind1=" " ind2=" " tag="260"><subfield code="a">New York, Academic Press 1980</subfield></datafield><datafield ind1=" " ind2=" " tag="700"><subfield code="a">Alpen, L., Peng Chin-tzu And Horrocks, L</subfield></datafield><datafield ind1=" " ind2=" " tag="852"><subfield code="a">49015</subfield></datafield></record></collection>